@article{bahdanau2017learning,
  title={Learning to compute word embeddings on the fly},
  author={Bahdanau, Dzmitry and Bosc, Tom and Jastrzebski, Stanis{\l}aw and Grefenstette, Edward and Vincent, Pascal and Bengio, Yoshua},
  journal={arXiv preprint arXiv:1706.00286},
  year={2017}
}

@inproceedings{banerjee2003extended,
  title={Extended Gloss Overlaps as a Measure of Semantic Relatedness},
  author={Banerjee, Satanjeev and Pedersen, Ted},
  booktitle={{IJCAI}},
  year={2003}
}

@inproceedings{basile2014enhanced,
  title={An enhanced lesk word sense disambiguation algorithm through a distributional semantic model},
  author={Basile, Pierpaolo and Caputo, Annalina and Semeraro, Giovanni},
  booktitle={Proceedings of COLING 2014, the 25th International Conference on Computational Linguistics: Technical Papers},
  pages={1591--1600},
  year={2014}
}

@inproceedings{blevins2020moving,
  title={Moving Down the Long Tail of Word Sense Disambiguation with Gloss Informed Bi-encoders},
  author={Blevins, Terra and Zettlemoyer, Luke},
  booktitle={Proceedings of the 58th Annual Meeting of the Association for Computational Linguistics},
  year={2020}}
  
@inproceedings{bevilacqua2020breaking,
  title={Breaking Through the 80\% Glass Ceiling: Raising the State of the Art in Word Sense Disambiguation by Incorporating Knowledge Graph Information},
  author={Bevilacqua, Michele and Navigli, Roberto},
  booktitle={Proceedings of the 58th Annual Meeting of the Association for Computational Linguistics},
  year={2020}}


@inproceedings{bosc2018auto,
  title={Auto-encoding dictionary definitions into consistent word embeddings},
  author={Bosc, Tom and Vincent, Pascal},
  booktitle={Proceedings of the 2018 Conference on Empirical Methods in Natural Language Processing},
  pages={1522--1532},
  year={2018}
}

@inproceedings{bovi2015knowledge,
  title={Knowledge base unification via sense embeddings and disambiguation},
  author={Bovi, Claudio Delli and Anke, Luis Espinosa and Navigli, Roberto},
  booktitle={Proceedings of the 2015 Conference on Empirical Methods in Natural Language Processing},
  pages={726--736},
  year={2015}
}

@inproceedings{bromley1994signature,
  title={Signature verification using a" siamese" time delay neural network},
  author={Bromley, Jane and Guyon, Isabelle and LeCun, Yann and S{\"a}ckinger, Eduard and Shah, Roopak},
  booktitle={Advances in neural information processing systems},
  pages={737--744},
  year={1994}
}

@inproceedings{ciaramita2006broad,
 author = {Ciaramita, Massimiliano and Altun, Yasemin},
 title = {Broad-coverage Sense Disambiguation and Information Extraction with a Supersense Sequence Tagger},
 booktitle = {Proceedings of the 2006 Conference on Empirical Methods in Natural Language Processing},
 series = {EMNLP '06},
 year = {2006},
 isbn = {1-932432-73-6},
 location = {Sydney, Australia},
 pages = {594--602},
 numpages = {9},
 url = {http://dl.acm.org/citation.cfm?id=1610075.1610158},
 acmid = {1610158},
 publisher = {Association for Computational Linguistics},
 address = {Stroudsburg, PA, USA},
} 

@article{coenen2019visualizing,
  title={Visualizing and Measuring the Geometry of BERT},
  author={Coenen, Andy and Reif, Emily and Yuan, Ann and Kim, Been and Pearce, Adam and Vi{\'e}gas, Fernanda and Wattenberg, Martin},
  journal={arXiv preprint arXiv:1906.02715},
  year={2019}
}

@inproceedings{devlin2019bert,
  title={BERT: Pre-training of Deep Bidirectional Transformers for Language Understanding},
  author={Devlin, Jacob and Chang, Ming-Wei and Lee, Kenton and Toutanova, Kristina},
  booktitle={Proceedings of the 2019 Conference of the North American Chapter of the Association for Computational Linguistics: Human Language Technologies, Volume 1 (Long and Short Papers)},
  pages={4171--4186},
  year={2019}
}

@article{gillick2019learning,
  title={Learning Dense Representations for Entity Retrieval},
  author={Gillick, Daniel and Kulkarni, Sayali and Lansing, Larry and Presta, Alessandro and Baldridge, Jason and Ie, Eugene and Garcia-Olano, Diego},
  journal={arXiv preprint arXiv:1909.10506},
  year={2019}
}

@inproceedings{hadiwinoto2019improved,
  title={Improved Word Sense Disambiguation Using Pre-Trained Contextualized Word Representations},
  author={Hadiwinoto, Christian and Ng, Hwee Tou and Gan, Wee Chung},
  booktitle={Proceedings of the 2019 Conference on Empirical Methods in Natural Language Processing and the 9th International Joint Conference on Natural Language Processing (EMNLP-IJCNLP)},
  pages={5300--5309},
  year={2019}
}

@inproceedings{henrich2012webcage,
  title={Webcage: a web-harvested corpus annotated with germanet senses},
  author={Henrich, Verena and Hinrichs, Erhard and Vodolazova, Tatiana},
  booktitle={Proceedings of the 13th Conference of the European Chapter of the Association for Computational Linguistics},
  pages={387--396},
  year={2012},
  organization={Association for Computational Linguistics}
}

@inproceedings{huang2019glossbert,
  title={GlossBERT: BERT for Word Sense Disambiguation with Gloss Knowledge},
  author={Huang, Luyao and Sun, Chi and Qiu, Xipeng and Huang, Xuan-Jing},
  booktitle={Proceedings of the 2019 Conference on Empirical Methods in Natural Language Processing and the 9th International Joint Conference on Natural Language Processing (EMNLP-IJCNLP)},
  pages={3500--3505},
  year={2019}
}


@article{humeau2019real,
  title={Poly-encoders: Transformer Architectures and Pre-training Strategies for Fast and Accurate Multi-sentence Scoring},
  author={Humeau, Samuel and Shuster, Kurt and Lachaux, Marie-Anne and Weston, Jason},
  journal={arXiv preprint arXiv:1905.01969},
  year={2019}
}

@inproceedings{iacobacci2016embeddings,
  title={Embeddings for word sense disambiguation: An evaluation study},
  author={Iacobacci, Ignacio and Pilehvar, Mohammad Taher and Navigli, Roberto},
  booktitle={Proceedings of the 54th Annual Meeting of the Association for Computational Linguistics (Volume 1: Long Papers)},
  pages={897--907},
  year={2016}
}

@article{kaageback2016word,
  title={Word sense disambiguation using a bidirectional lstm},
  author={K{\aa}geb{\"a}ck, Mikael and Salomonsson, Hans},
  journal={arXiv preprint arXiv:1606.03568},
  year={2016}
}

@article{kilgarriff2000framework,
  title={Framework and results for English SENSEVAL},
  author={Kilgarriff, Adam and Rosenzweig, Joseph},
  journal={Computers and the Humanities},
  volume={34},
  number={1-2},
  pages={15--48},
  year={2000},
  publisher={Springer}
}

@inproceedings{kilgarriff2004dominant,
  title={How dominant is the commonest sense of a word?},
  author={Kilgarriff, Adam},
  booktitle={International conference on text, speech and dialogue},
  pages={103--111},
  year={2004},
  organization={Springer}
}

@inproceedings{kingma2015adam,
  title={Adam: {A} Method for Stochastic Optimization},
  author={Kingma, Diederik P. and Ba, Jimmy Lei},
  booktitle ={Proceedings of 3rd International Conference of Learning Representations},
  year={2015}, 
  location={San Diego, California},
  url={https://arxiv.org/pdf/1412.6980}
}

@inproceedings{kumar2019zero,
    title = "Zero-shot Word Sense Disambiguation using Sense Definition Embeddings",
    author = "Kumar, Sawan  and
      Jat, Sharmistha  and
      Saxena, Karan  and
      Talukdar, Partha",
    booktitle = "Proceedings of the 57th Annual Meeting of the Association for Computational Linguistics",
    month = jul,
    year = "2019",
    address = "Florence, Italy",
    publisher = "Association for Computational Linguistics",
    url = "https://www.aclweb.org/anthology/P19-1568",
    doi = "10.18653/v1/P19-1568",
    pages = "5670--5681",
}

@inproceedings{lesk1986automatic,
  title={Automatic sense disambiguation using machine readable dictionaries: how to tell a pine cone from an ice cream cone},
  author={Lesk, Michael},
  booktitle={Proceedings of the 5th annual international conference on Systems documentation},
  pages={24--26},
  year={1986},
  organization={ACM}
}

@article{phang2018sentence,
  title={Sentence encoders on stilts: Supplementary training on intermediate labeled-data tasks},
  author={Phang, Jason and F{\'e}vry, Thibault and Bowman, Samuel R},
  journal={arXiv preprint arXiv:1811.01088},
  year={2018},
  url={https://arxiv.org/pdf/1811.01088.pdf}
}

@article{loureiro2020neglect,
  title={Don't Neglect the Obvious: On the Role of Unambiguous Words in Word Sense Disambiguation},
  author={Daniel Loureiro and Jose Camacho-Collados},
  journal={arXiv preprint arXiv:2004.14325},
  url={https://arxiv.org/pdf/2004.14325.pdf},
  year={2020}
}

@inproceedings{mihalcea2007using,
    title = "Using {W}ikipedia for Automatic Word Sense Disambiguation",
    author = "Mihalcea, Rada",
    booktitle = "Human Language Technologies 2007: The Conference of the North {A}merican Chapter of the Association for Computational Linguistics; Proceedings of the Main Conference",
    month = apr,
    year = "2007",
    address = "Rochester, New York",
    publisher = "Association for Computational Linguistics",
    url = "https://www.aclweb.org/anthology/N07-1025",
    pages = "196--203",
}

@inproceedings{miller1993semantic,
  title={A semantic concordance},
  author={Miller, George A and Leacock, Claudia and Tengi, Randee and Bunker, Ross T},
  booktitle={Proceedings of the workshop on Human Language Technology},
  pages={303--308},
  year={1993},
  organization={Association for Computational Linguistics}
}

@article{miller1995wordnet,
  title={WordNet: a lexical database for English},
  author={Miller, George A},
  journal={Communications of the ACM},
  volume={38},
  number={11},
  pages={39--41},
  year={1995},
  publisher={ACM}
}

@inproceedings{miller2014wordnet,
    title = "{W}ord{N}et{---}{W}ikipedia{---}{W}iktionary: Construction of a Three-way Alignment",
    author = "Miller, Tristan  and
      Gurevych, Iryna",
    booktitle = "Proceedings of the Ninth International Conference on Language Resources and Evaluation ({LREC}'14)",
    month = may,
    year = "2014",
    address = "Reykjavik, Iceland",
    publisher = "European Language Resources Association (ELRA)",
    url = "http://www.lrec-conf.org/proceedings/lrec2014/pdf/4_Paper.pdf",
    pages = "2094--2100",
}

@inproceedings{moro2015semeval,
  title={Semeval-2015 task 13: Multilingual all-words sense disambiguation and entity linking},
  author={Moro, Andrea and Navigli, Roberto},
  booktitle={Proceedings of the 9th international workshop on semantic evaluation (SemEval 2015)},
  pages={288--297},
  year={2015}
}

@inproceedings{meyer2011psycholinguists,
  title={What psycholinguists know about chemistry: Aligning Wiktionary and WordNet for increased domain coverage},
  author={Meyer, Christian M and Gurevych, Iryna},
  booktitle={Proceedings of 5th International Joint Conference on Natural Language Processing},
  pages={883--892},
  year={2011}
}

@article{matuschek2013tacl,
author = {Matuschek, Michael and Gurevych, Iryna},
title = {Dijkstra-WSA: A Graph-Based Approach to Word Sense                     Alignment},
journal = {Transactions of the Association for Computational Linguistics},
volume = {1},
number = {},
pages = {151-164},
year = {2013},
doi = {10.1162/tacl\_a\_00217},

URL = { 
        https://doi.org/10.1162/tacl_a_00217
    
},
eprint = { 
        https://doi.org/10.1162/tacl_a_00217
}
}

@article{navigli2009word,
  title={Word sense disambiguation: A survey},
  author={Navigli, Roberto},
  journal={ACM computing surveys (CSUR)},
  volume={41},
  number={2},
  pages={10},
  year={2009},
  publisher={ACM}
}

@article{navigli2012babelnet,
  author = {Roberto Navigli and Simone Paolo Ponzetto},
 title =   {{B}abel{N}et: {T}he Automatic Construction, Evaluation and Application of a Wide-Coverage Multilingual Semantic Network},
 journal = {Artificial Intelligence},
 year =    {2012},
 volume = {193},
 pages = {217-250}
}

@inproceedings{navigli2013semeval,
  title={Semeval-2013 task 12: Multilingual word sense disambiguation},
  author={Navigli, Roberto and Jurgens, David and Vannella, Daniele},
  booktitle={Second Joint Conference on Lexical and Computational Semantics (* SEM), Volume 2: Proceedings of the Seventh International Workshop on Semantic Evaluation (SemEval 2013)},
  pages={222--231},
  year={2013}
}

@inproceedings{neale2016word,
    title = "Word Sense-Aware Machine Translation: Including Senses as Contextual Features for Improved Translation Models",
    author = "Neale, Steven  and
      Gomes, Lu{\'\i}s  and
      Agirre, Eneko  and
      de Lacalle, Oier Lopez  and
      Branco, Ant{\'o}nio",
    booktitle = "Proceedings of the Tenth International Conference on Language Resources and Evaluation ({LREC}'16)",
    month = may,
    year = "2016",
    address = "Portoro{\v{z}}, Slovenia",
    publisher = "European Language Resources Association (ELRA)",
    url = "https://www.aclweb.org/anthology/L16-1441",
    pages = "2777--2783",
}

@inproceedings{palmer2001english,
  title={English tasks: All-words and verb lexical sample},
  author={Palmer, Martha and Fellbaum, Christiane and Cotton, Scott and Delfs, Lauren and Dang, Hoa Trang},
  booktitle={Proceedings of SENSEVAL-2 Second International Workshop on Evaluating Word Sense Disambiguation Systems},
  pages={21--24},
  year={2001}
}

@InProceedings{pennington2014glove,
  author = 	"Pennington, Jeffrey
		and Socher, Richard
		and Manning, Christopher",
  title = 	"Glove: Global Vectors for Word Representation",
  booktitle = 	"Proceedings of the 2014 Conference on Empirical Methods in Natural      Language Processing (EMNLP)    ",
  year = 	"2014",
  publisher = 	"Association for Computational Linguistics",
  pages = 	"1532--1543",
  location = 	"Doha, Qatar",
  doi = 	"10.3115/v1/D14-1162",
  url = 	"http://www.aclweb.org/anthology/D14-1162"
}

@inproceedings{postma2016more,
  title={More is not always better: balancing sense distributions for all-words Word Sense Disambiguation},
  author={Postma, Marten and Bevia, Ruben Izquierdo and Vossen, Piek},
  booktitle={Proceedings of COLING 2016, the 26th International Conference on Computational Linguistics: Technical Papers},
  pages={3496--3506},
  year={2016}
}

@inproceedings{pradhan2007ontonotes,
  title={Ontonotes: A unified relational semantic representation},
  author={Pradhan, Sameer S and Hovy, Eduard and Marcus, Mitch and Palmer, Martha and Ramshaw, Lance and Weischedel, Ralph},
  booktitle={International Conference on Semantic Computing (ICSC 2007)},
  pages={517--526},
  year={2007},
  organization={IEEE}
}

@inproceedings{pradhan2007semeval,
  title={Semeval-2007 task-17: English lexical sample, srl and all words},
  author={Pradhan, Sameer and Loper, Edward and Dligach, Dmitriy and Palmer, Martha},
  booktitle={Proceedings of the fourth international workshop on semantic evaluations (SemEval-2007)},
  pages={87--92},
  year={2007}
}

@inproceedings{raganato2017word,
  title={Word sense disambiguation: A unified evaluation framework and empirical comparison},
  author={Raganato, Alessandro and Camacho-Collados, Jose and Navigli, Roberto},
  booktitle={Proceedings of the 15th Conference of the European Chapter of the Association for Computational Linguistics: Volume 1, Long Papers},
  pages={99--110},
  year={2017}
}

@inproceedings{segonne2019using,
    title = "Using {W}iktionary as a resource for {WSD} : the case of {F}rench verbs",
    author = "Segonne, Vincent  and
      Candito, Marie  and
      Crabb{\'e}, Beno{\^\i}t",
    booktitle = "Proceedings of the 13th International Conference on Computational Semantics - Long Papers",
    month = may,
    year = "2019",
    address = "Gothenburg, Sweden",
    publisher = "Association for Computational Linguistics",
    url = "https://www.aclweb.org/anthology/W19-0422",
    doi = "10.18653/v1/W19-0422",
    pages = "259--270",
}

@inproceedings{snyder2004english,
  title={The English all-words task},
  author={Snyder, Benjamin and Palmer, Martha},
  booktitle={Proceedings of SENSEVAL-3, the Third International Workshop on the Evaluation of Systems for the Semantic Analysis of Text},
  year={2004}
}

@inproceedings{stanovsky2018spot,
  title={Spot the odd man out: Exploring the associative power of lexical resources},
  author={Stanovsky, Gabriel and Hopkins, Mark},
  booktitle={Proceedings of the 2018 Conference on Empirical Methods in Natural Language Processing},
  pages={1533--1542},
  year={2018}
}

@article{Wolf2019HuggingFacesTS,
  title={HuggingFace's Transformers: State-of-the-art Natural Language Processing},
  author={Thomas Wolf and Lysandre Debut and Victor Sanh and Julien Chaumond and Clement Delangue and Anthony Moi and Pierric Cistac and Tim Rault and R'emi Louf and Morgan Funtowicz and Jamie Brew},
  journal={ArXiv},
  year={2019},
  volume={abs/1910.03771}
}

@inproceedings{zhong2010makes,
  title={It makes sense: A wide-coverage word sense disambiguation system for free text},
  author={Zhong, Zhi and Ng, Hwee Tou},
  booktitle={Proceedings of the ACL 2010 system demonstrations},
  pages={78--83},
  year={2010}
}
