@inproceedings{rastegari2016xnor,
  title={Xnor-net: Imagenet classification using binary convolutional neural networks},
  author={Rastegari, Mohammad and Ordonez, Vicente and Redmon, Joseph and Farhadi, Ali},
  booktitle={European conference on computer vision},
  pages={525--542},
  year={2016},
  organization={Springer}
}
@article{hubara2017quantized,
  title={Quantized neural networks: Training neural networks with low precision weights and activations},
  author={Hubara, Itay and Courbariaux, Matthieu and Soudry, Daniel and El-Yaniv, Ran and Bengio, Yoshua},
  journal={The Journal of Machine Learning Research},
  volume={18},
  number={1},
  pages={6869--6898},
  year={2017},
  publisher={JMLR. org}
}
@article{zhu2016trained,
  title={Trained ternary quantization},
  author={Zhu, Chenzhuo and Han, Song and Mao, Huizi and Dally, William J},
  journal={arXiv preprint arXiv:1612.01064},
  year={2016}
}
@article{pham2018efficient,
  title={Efficient neural architecture search via parameter sharing},
  author={Pham, Hieu and Guan, Melody Y and Zoph, Barret and Le, Quoc V and Dean, Jeff},
  journal={arXiv preprint arXiv:1802.03268},
  year={2018}
}
@article{liu2018darts,
  title={Darts: Differentiable architecture search},
  author={Liu, Hanxiao and Simonyan, Karen and Yang, Yiming},
  journal={arXiv preprint arXiv:1806.09055},
  year={2018}
}
@article{singh2019darc,
  title={DARC: Differentiable ARchitecture Compression},
  author={Singh, Shashank and Khetan, Ashish and Karnin, Zohar},
  journal={arXiv preprint arXiv:1905.08170},
  year={2019}
}
@article{sanh2019distilbert,
  title={DistilBERT, a distilled version of BERT: smaller, faster, cheaper and lighter},
  author={Sanh, Victor and Debut, Lysandre and Chaumond, Julien and Wolf, Thomas},
  journal={arXiv preprint arXiv:1910.01108},
  year={2019}
}
@article{michel2019sixteen,
  title={Are Sixteen Heads Really Better than One?},
  author={Michel, Paul and Levy, Omer and Neubig, Graham},
  journal={arXiv preprint arXiv:1905.10650},
  year={2019}
}
@article{devlin2018bert,
  title={Bert: Pre-training of deep bidirectional transformers for language understanding},
  author={Devlin, Jacob and Chang, Ming-Wei and Lee, Kenton and Toutanova, Kristina},
  journal={arXiv preprint arXiv:1810.04805},
  year={2018}
}
@article{yang2019xlnet,
  title={XLNet: Generalized Autoregressive Pretraining for Language Understanding},
  author={Yang, Zhilin and Dai, Zihang and Yang, Yiming and Carbonell, Jaime and Salakhutdinov, Ruslan and Le, Quoc V},
  journal={arXiv preprint arXiv:1906.08237},
  year={2019}
}
@article{liu2019roberta,
  title={Roberta: A robustly optimized bert pretraining approach},
  author={Liu, Yinhan and Ott, Myle and Goyal, Naman and Du, Jingfei and Joshi, Mandar and Chen, Danqi and Levy, Omer and Lewis, Mike and Zettlemoyer, Luke and Stoyanov, Veselin},
  journal={arXiv preprint arXiv:1907.11692},
  year={2019}
}
@article{lan2019albert,
  title={Albert: A lite bert for self-supervised learning of language representations},
  author={Lan, Zhenzhong and Chen, Mingda and Goodman, Sebastian and Gimpel, Kevin and Sharma, Piyush and Soricut, Radu},
  journal={arXiv preprint arXiv:1909.11942},
  year={2019}
}
@inproceedings{vaswani2017attention,
  title={Attention is all you need},
  author={Vaswani, Ashish and Shazeer, Noam and Parmar, Niki and Uszkoreit, Jakob and Jones, Llion and Gomez, Aidan N and Kaiser, {\L}ukasz and Polosukhin, Illia},
  booktitle={Advances in neural information processing systems},
  pages={5998--6008},
  year={2017}
}
@inproceedings{dai2015semi,
  title={Semi-supervised sequence learning},
  author={Dai, Andrew M and Le, Quoc V},
  booktitle={Advances in neural information processing systems},
  pages={3079--3087},
  year={2015}
}
@article{peters2018deep,
  title={Deep contextualized word representations},
  author={Peters, Matthew E and Neumann, Mark and Iyyer, Mohit and Gardner, Matt and Clark, Christopher and Lee, Kenton and Zettlemoyer, Luke},
  journal={arXiv preprint arXiv:1802.05365},
  year={2018}
}
@techreport{radford2018improving,
  title={Improving language understanding with unsupervised learning},
  author={Radford, Alec and Narasimhan, Karthik and Salimans, Tim and Sutskever, Ilya},
  year={2018},
  institution={Technical report, OpenAI}
}
@article{howard2018universal,
  title={Universal language model fine-tuning for text classification},
  author={Howard, Jeremy and Ruder, Sebastian},
  journal={arXiv preprint arXiv:1801.06146},
  year={2018}
}
@article{bowman2015large,
  title={A large annotated corpus for learning natural language inference},
  author={Bowman, Samuel R and Angeli, Gabor and Potts, Christopher and Manning, Christopher D},
  journal={arXiv preprint arXiv:1508.05326},
  year={2015}
}
@article{williams2017broad,
  title={A broad-coverage challenge corpus for sentence understanding through inference},
  author={Williams, Adina and Nangia, Nikita and Bowman, Samuel R},
  journal={arXiv preprint arXiv:1704.05426},
  year={2017}
}
@inproceedings{dolan2005automatically,
  title={Automatically constructing a corpus of sentential paraphrases},
  author={Dolan, William B and Brockett, Chris},
  booktitle={Proceedings of the Third International Workshop on Paraphrasing (IWP2005)},
  year={2005}
}
@article{sang2003introduction,
  title={Introduction to the CoNLL-2003 shared task: Language-independent named entity recognition},
  author={Sang, Erik F and De Meulder, Fien},
  journal={arXiv preprint cs/0306050},
  year={2003}
}
@article{rajpurkar2016squad,
  title={Squad: 100,000+ questions for machine comprehension of text},
  author={Rajpurkar, Pranav and Zhang, Jian and Lopyrev, Konstantin and Liang, Percy},
  journal={arXiv preprint arXiv:1606.05250},
  year={2016}
}
@inproceedings{socher2013recursive,
  title={Recursive deep models for semantic compositionality over a sentiment treebank},
  author={Socher, Richard and Perelygin, Alex and Wu, Jean and Chuang, Jason and Manning, Christopher D and Ng, Andrew and Potts, Christopher},
  booktitle={Proceedings of the 2013 conference on empirical methods in natural language processing},
  pages={1631--1642},
  year={2013}
}
@article{strubell2018linguistically,
  title={Linguistically-informed self-attention for semantic role labeling},
  author={Strubell, Emma and Verga, Patrick and Andor, Daniel and Weiss, David and McCallum, Andrew},
  journal={arXiv preprint arXiv:1804.08199},
  year={2018}
}
#Are sixteen heads better than one
@inproceedings{lecun1990optimal,
  title={Optimal brain damage},
  author={LeCun, Yann and Denker, John S and Solla, Sara A},
  booktitle={Advances in neural information processing systems},
  pages={598--605},
  year={1990}
}
@inproceedings{hassibi1993second,
  title={Second order derivatives for network pruning: Optimal brain surgeon},
  author={Hassibi, Babak and Stork, David G},
  booktitle={Advances in neural information processing systems},
  pages={164--171},
  year={1993}
}
@article{han2015deep,
  title={Deep compression: Compressing deep neural networks with pruning, trained quantization and huffman coding},
  author={Han, Song and Mao, Huizi and Dally, William J},
  journal={arXiv preprint arXiv:1510.00149},
  year={2015}
}
@article{anwar2017structured,
  title={Structured pruning of deep convolutional neural networks},
  author={Anwar, Sajid and Hwang, Kyuyeon and Sung, Wonyong},
  journal={ACM Journal on Emerging Technologies in Computing Systems (JETC)},
  volume={13},
  number={3},
  pages={32},
  year={2017},
  publisher={ACM}
}
@article{li2016pruning,
  title={Pruning filters for efficient convnets},
  author={Li, Hao and Kadav, Asim and Durdanovic, Igor and Samet, Hanan and Graf, Hans Peter},
  journal={arXiv preprint arXiv:1608.08710},
  year={2016}
}
@article{molchanov2016pruning,
  title={Pruning convolutional neural networks for resource efficient inference},
  author={Molchanov, Pavlo and Tyree, Stephen and Karras, Tero and Aila, Timo and Kautz, Jan},
  journal={arXiv preprint arXiv:1611.06440},
  year={2016}
}
@article{murray2015auto,
  title={Auto-sizing neural networks: With applications to n-gram language models},
  author={Murray, Kenton and Chiang, David},
  journal={arXiv preprint arXiv:1508.05051},
  year={2015}
}
@article{see2016compression,
  title={Compression of neural machine translation models via pruning},
  author={See, Abigail and Luong, Minh-Thang and Manning, Christopher D},
  journal={arXiv preprint arXiv:1606.09274},
  year={2016}
}
@article{kim2016sequence,
  title={Sequence-level knowledge distillation},
  author={Kim, Yoon and Rush, Alexander M},
  journal={arXiv preprint arXiv:1606.07947},
  year={2016}
}
@article{voita2019analyzing,
  title={Analyzing Multi-Head Self-Attention: Specialized Heads Do the Heavy Lifting, the Rest Can Be Pruned},
  author={Voita, Elena and Talbot, David and Moiseev, Fedor and Sennrich, Rico and Titov, Ivan},
  journal={arXiv preprint arXiv:1905.09418},
  year={2019}
}
@article{ott2018scaling,
  title={Scaling neural machine translation},
  author={Ott, Myle and Edunov, Sergey and Grangier, David and Auli, Michael},
  journal={arXiv preprint arXiv:1806.00187},
  year={2018}
}

